<record><leader>00000cas a22000007a 4500</leader><controlfield tag="001">12195091</controlfield><controlfield tag="008">850625d18581860iauwr ne      0    0eng d</controlfield><datafield ind1=" " ind2=" " tag="010"><subfield code="a">sn 85049639 </subfield></datafield><datafield ind1=" " ind2=" " tag="040"><subfield code="a">INP</subfield><subfield code="b">eng</subfield><subfield code="c">INP</subfield><subfield code="d">OCLCQ</subfield></datafield><datafield ind1=" " ind2=" " tag="042"><subfield code="a">msc</subfield></datafield><datafield ind1="0" ind2=" " tag="130"><subfield code="a">Iowa south-west (Bedford, Iowa : 1858)</subfield></datafield><datafield ind1="1" ind2="4" tag="245"><subfield code="a">The Iowa south-west.</subfield></datafield><datafield ind1="3" ind2="0" tag="246"><subfield code="a">South-west</subfield></datafield><datafield ind1=" " ind2=" " tag="260"><subfield code="a">Bedford, Taylor County, Iowa :</subfield><subfield code="b">G.A. Moser</subfield></datafield><datafield ind1=" " ind2=" " tag="300"><subfield code="a">v.</subfield></datafield><datafield ind1=" " ind2=" " tag="310"><subfield code="a">Weekly</subfield></datafield><datafield ind1="1" ind2=" " tag="362"><subfield code="a">Began in 1858; ceased in 1860?</subfield><subfield code="z">Cf. Bibl. of Iowa newspapers.</subfield></datafield><datafield ind1=" " ind2=" " tag="500"><subfield code="a">"Republican in Politics -- Pure in Morality -- Liberal and Progressive in Everything."</subfield></datafield><datafield ind1=" " ind2=" " tag="588"><subfield code="a">Description based on: Vol. 2, no. 37 (Dec. 24, 1859).</subfield></datafield><datafield ind1=" " ind2=" " tag="752"><subfield code="a">United States</subfield><subfield code="b">Iowa</subfield><subfield code="c">Taylor</subfield><subfield code="d">Bedford.</subfield></datafield></record>